
@incollection{fu_gradient_2006,
	series = {13},
	title = {Gradient Estimation},
	booktitle = {Handbook in Operations Research and Management Science},
	author = {Fu, Michael},
	year = {2006}
}

@incollection{fu_sensitivity_2006,
	title = {Sensitivity analysis in Monte Carlo Simulation of stochastic activity networks},
	url = {http://link.springer.com/chapter/10.1007/978-0-387-39934-8_20},
	urldate = {2014-12-19},
	booktitle = {Perspectives in Operations Research},
	publisher = {Springer},
	author = {Fu, Michael C.},
	year = {2006},
	pages = {351--366},
	file = {chp%3A10.1007%2F978-0-387-39934-8_20.pdf:/home/gab/.zotero/zotero/ks6e22v4.default/zotero/storage/J3ESM9TW/chp%3A10.1007%2F978-0-387-39934-8_20.pdf:application/pdf}
}